<?xml version="1.0" encoding="UTF-8"?><collection xmlns="http://www.loc.gov/MARC21/slim"><record><leader>00662nam--2200193-u-4500</leader><controlfield tag="001">000051310</controlfield><controlfield tag="002">20161230</controlfield><controlfield tag="005">20161230201049</controlfield><controlfield tag="008">080617s1000------------r-----000-0-eng-d</controlfield><datafield ind1=" " ind2=" " tag="040"><subfield code="a">IFIN-HH</subfield></datafield><datafield ind1=" " ind2=" " tag="080"><subfield code="a">517</subfield></datafield><datafield ind1="1" ind2=" " tag="100"><subfield code="a">Bourbaki, N</subfield></datafield><datafield ind1="1" ind2="0" tag="245"><subfield code="a">Elements de Mathematique XVII Premeire Partie: Les structures fondamentales de l'analyse Livre I Theorie des Ensembles Chapitre I Description de la mathematique formalle Chapitre II Theorie des ensembles</subfield></datafield><datafield ind1=" " ind2=" " tag="260"><subfield code="a">Paris</subfield><subfield code="b">Hermann et Cie</subfield><subfield code="c">1954</subfield></datafield><datafield ind1=" " ind2=" " tag="300"><subfield code="a">136 p</subfield></datafield><datafield ind1=" " ind2=" " tag="490"><subfield code="a">Actualites Scientifiques et Industielles 1212</subfield></datafield><datafield ind1="1" ind2=" " tag="700"><subfield code="a">N. Bourbaki</subfield></datafield><datafield ind1=" " ind2=" " tag="852"><subfield code="a">10658</subfield><subfield code="c">517</subfield></datafield><datafield ind1=" " ind2=" " tag="CAT"><subfield code="a">Sys</subfield><subfield code="c">20080617</subfield><subfield code="h">112741</subfield></datafield></record></collection>